@article{scofield1987nesdis,
  title={The NESDIS operational convective precipitation-estimation technique},
  author={Scofield, Roderick A},
  journal={Monthly Weather Review},
  volume={115},
  number={8},
  pages={1773--1793},
  year={1987}
}

@article{rasp2020weatherbench,
  title={WeatherBench: A benchmark dataset for data-driven weather forecasting},
  author={Rasp, Stephan and Dueben, Peter D and Scher, Sebastian and Weyn, Jonathan A and Mouatadid, Soukayna and Thuerey, Nils},
  journal={arXiv preprint arXiv:2002.00469},
  year={2020}
}

@article{breiman2001random,
  title={Random forests},
  author={Breiman, Leo},
  journal={Machine learning},
  volume={45},
  number={1},
  pages={5--32},
  year={2001},
  publisher={Springer}
}

@article{beck2019mswep,
  title={MSWEP V2 global 3-hourly 0.1 precipitation: methodology and quantitative assessment},
  author={Beck, Hylke E and Wood, Eric F and Pan, Ming and Fisher, Colby K and Miralles, Diego G and Van Dijk, Albert IJM and McVicar, Tim R and Adler, Robert F},
  journal={Bulletin of the American Meteorological Society},
  volume={100},
  number={3},
  pages={473--500},
  year={2019}
}

@article{beck2020evaluation,
  title={Evaluation of 18 satellite-and model-based soil moisture products using in situ measurements from 826 sensors},
  author={Beck, Hylke E and Pan, Ming and Miralles, Diego G and Reichle, Rolf H and Dorigo, Wouter A and Hahn, Sebastian and Sheffield, Justin and Karthikeyan, Lanka and Balsamo, Gianpaolo and Parinussa, Robert M and others},
  journal={Hydrology and Earth System Sciences Discussions},
  pages={1--35},
  year={2020},
  publisher={Copernicus GmbH}
}

@article{vicente1998operational,
  title={The operational GOES infrared rainfall estimation technique},
  author={Vicente, Gilberto A and Scofield, Roderick A and Menzel, W Paul},
  journal={Bulletin of the American Meteorological Society},
  volume={79},
  number={9},
  pages={1883--1898},
  year={1998},
  publisher={American Meteorological Society}
}

@article{kurino1997satellite,
  title={A satellite infrared technique for estimating “deep/shallow” precipitation},
  author={Kurino, Toshiyuki},
  journal={Advances in Space Research},
  volume={19},
  number={3},
  pages={511--514},
  year={1997},
  publisher={Elsevier}
}

@article{schmetz1997monitoring,
  title={Monitoring deep convection and convective overshooting with METEOSAT},
  author={Schmetz, J and Tjemkes, SA and Gube, M and Van de Berg, L},
  journal={Advances in Space Research},
  volume={19},
  number={3},
  pages={433--441},
  year={1997},
  publisher={Elsevier}
}

@article{behrangi2009persiann,
  title={PERSIANN-MSA: A precipitation estimation method from satellite-based multispectral analysis},
  author={Behrangi, Ali and Hsu, Kuo-lin and Imam, Bisher and Sorooshian, Soroosh and Huffman, George J and Kuligowski, Robert J},
  journal={Journal of Hydrometeorology},
  volume={10},
  number={6},
  pages={1414--1429},
  year={2009}
}

@article{springenberg2014striving,
  title={Striving for simplicity: The all convolutional net},
  author={Springenberg, Jost Tobias and Dosovitskiy, Alexey and Brox, Thomas and Riedmiller, Martin},
  journal={arXiv preprint arXiv:1412.6806},
  year={2014}
}

@article{duchi2011adaptive,
  title={Adaptive subgradient methods for online learning and stochastic optimization},
  author={Duchi, John and Hazan, Elad and Singer, Yoram},
  journal={Journal of machine learning research},
  volume={12},
  number={Jul},
  pages={2121--2159},
  year={2011}
}

@inproceedings{ronneberger2015u,
  title={U-net: Convolutional networks for biomedical image segmentation},
  author={Ronneberger, Olaf and Fischer, Philipp and Brox, Thomas},
  booktitle={International Conference on Medical image computing and computer-assisted intervention},
  pages={234--241},
  year={2015},
  organization={Springer}
}


@article{anthes1983regional,
  title={Regional models of the atmosphere in middle latitudes},
  author={Anthes, Richard A},
  journal={Monthly weather review},
  volume={111},
  number={6},
  pages={1306--1335},
  year={1983}
}

@article{mass2002does,
  title={Does increasing horizontal resolution produce more skillful forecasts? The results of two years of real-time numerical weather prediction over the Pacific Northwest},
  author={Mass, Clifford F and Ovens, David and Westrick, Ken and Colle, Brian A},
  journal={Bulletin of the American Meteorological Society},
  volume={83},
  number={3},
  pages={407--430},
  year={2002},
  publisher={American Meteorological Society}
}

@article{bauer2015quiet,
  title={The quiet revolution of numerical weather prediction},
  author={Bauer, Peter and Thorpe, Alan and Brunet, Gilbert},
  journal={Nature},
  volume={525},
  number={7567},
  pages={47--55},
  year={2015},
  publisher={Nature Publishing Group}
}

@article{agrawal2019machine,
  title={Machine Learning for Precipitation Nowcasting from Radar Images},
  author={Agrawal, Shreya and Barrington, Luke and Bromberg, Carla and Burge, John and Gazen, Cenk and Hickey, Jason},
  journal={arXiv preprint arXiv:1912.12132},
  year={2019}
}

@inproceedings{lebedev2019precipitation,
  title={Precipitation nowcasting with satellite imagery},
  author={Lebedev, Vadim and Ivashkin, Vladimir and Rudenko, Irina and Ganshin, Alexander and Molchanov, Alexander and Ovcharenko, Sergey and Grokhovetskiy, Ruslan and Bushmarinov, Ivan and Solomentsev, Dmitry},
  booktitle={Proceedings of the 25th ACM SIGKDD International Conference on Knowledge Discovery \& Data Mining},
  pages={2680--2688},
  year={2019}
}

@article{beusch2018satellite,
  title={Satellite-based rainfall retrieval: From generalized linear models to artificial neural networks},
  author={Beusch, Lea and Foresti, Loris and Gabella, Marco and Hamann, Ulrich},
  journal={Remote Sensing},
  volume={10},
  number={6},
  pages={939},
  year={2018},
  publisher={Multidisciplinary Digital Publishing Institute}
}

@article{gourley2002exploratory,
  title={An exploratory multisensor technique for quantitative estimation of stratiform rainfall},
  author={Gourley, Jonathan J and Maddox, Robert A and Howard, Kenneth W and Burgess, Donald W},
  journal={Journal of Hydrometeorology},
  volume={3},
  number={2},
  pages={166--180},
  year={2002}
}

@article{sideris2014real,
  title={Real-time radar--rain-gauge merging using spatio-temporal co-kriging with external drift in the alpine terrain of Switzerland},
  author={Sideris, IV and Gabella, M and Erdin, R and Germann, U},
  journal={Quarterly Journal of the Royal Meteorological Society},
  volume={140},
  number={680},
  pages={1097--1111},
  year={2014},
  publisher={Wiley Online Library}
}

@article{nerini2015comparative,
  title={A comparative analysis of TRMM--rain gauge data merging techniques at the daily time scale for distributed rainfall--runoff modeling applications},
  author={Nerini, Daniele and Zulkafli, Zed and Wang, Li-Pen and Onof, Christian and Buytaert, Wouter and Lavado-Casimiro, Waldo and Guyot, Jean-Loup},
  journal={Journal of Hydrometeorology},
  volume={16},
  number={5},
  pages={2153--2168},
  year={2015}
}

@article{aemetsaf2013,
  title={Algorithm Theoretical Basis Document for the Precipitation Product Processors of the NWC/GEO},
  author={Nerini, Daniele and Zulkafli, Zed and Wang, Li-Pen and Onof, Christian and Buytaert, Wouter and Lavado-Casimiro, Waldo and Guyot, Jean-Loup},
  journal={Journal of Hydrometeorology},
  year={2013}
}

@article{arkin1987relationship,
  title={The relationship between large-scale convective rainfall and cold cloud over the western hemisphere during 1982-84},
  author={Arkin, Phillip A and Meisner, Bernard N},
  journal={Monthly Weather Review},
  volume={115},
  number={1},
  pages={51--74},
  year={1987}
}

@article{hasan2016merging,
  title={Merging radar and in situ rainfall measurements: An assessment of different combination algorithms},
  author={Hasan, Mohammad Mahadi and Sharma, Ashish and Johnson, Fiona and Mariethoz, Gregoire and Seed, Alan},
  journal={Water Resources Research},
  volume={52},
  number={10},
  pages={8384--8398},
  year={2016},
  publisher={Wiley Online Library}
}

@article{lecun2015deep,
  title={Deep learning},
  author={LeCun, Yann and Bengio, Yoshua and Hinton, Geoffrey},
  journal={nature},
  volume={521},
  number={7553},
  pages={436--444},
  year={2015},
  publisher={Nature Publishing Group}
}

@article{sonderby2020metnet,
  title={MetNet: A Neural Weather Model for Precipitation Forecasting},
  author={S{\o}nderby, Casper Kaae and Espeholt, Lasse and Heek, Jonathan and Dehghani, Mostafa and Oliver, Avital and Salimans, Tim and Agrawal, Shreya and Hickey, Jason and Kalchbrenner, Nal},
  journal={arXiv preprint arXiv:2003.12140},
  year={2020}
}

@article{bessho2016introduction,
  title={An introduction to Himawari-8/9—Japan’s new-generation geostationary meteorological satellites},
  author={Bessho, Kotaro and Date, Kenji and Hayashi, Masahiro and Ikeda, Akio and Imai, Takahito and Inoue, Hidekazu and Kumagai, Yukihiro and Miyakawa, Takuya and Murata, Hidehiko and Ohno, Tomoo and others},
  journal={Journal of the Meteorological Society of Japan. Ser. II},
  volume={94},
  number={2},
  pages={151--183},
  year={2016},
  publisher={Meteorological Society of Japan}
}

@incollection{warmerdam2008geospatial,
  title={The geospatial data abstraction library},
  author={Warmerdam, Frank},
  booktitle={Open source approaches in spatial data handling},
  pages={87--104},
  year={2008},
  publisher={Springer}
}

@inproceedings{ronneberger2015u,
  title={U-net: Convolutional networks for biomedical image segmentation},
  author={Ronneberger, Olaf and Fischer, Philipp and Brox, Thomas},
  booktitle={International Conference on Medical image computing and computer-assisted intervention},
  pages={234--241},
  year={2015},
  organization={Springer}
}

@article{larraondo2019data,
  title={A data-driven approach to precipitation parameterizations using convolutional encoder-decoder neural networks},
  author={Larraondo, Pablo Rozas and Renzullo, Luigi J and Inza, Inaki and Lozano, Jose A},
  journal={arXiv preprint arXiv:1903.10274},
  year={2019}
}

@article{chollet2018keras,
  title={Keras: The python deep learning library},
  author={Chollet, Fran{\c{c}}ois and others},
  journal={Astrophysics Source Code Library},
  year={2018}
}

@article{anthes1983regional,
  title={Regional models of the atmosphere in middle latitudes},
  author={Anthes, Richard A},
  journal={Monthly weather review},
  volume={111},
  number={6},
  pages={1306--1335},
  year={1983}
}

@article{mass2002does,
  title={Does increasing horizontal resolution produce more skillful forecasts? The results of two years of real-time numerical weather prediction over the Pacific Northwest},
  author={Mass, Clifford F and Ovens, David and Westrick, Ken and Colle, Brian A},
  journal={Bulletin of the American Meteorological Society},
  volume={83},
  number={3},
  pages={407--430},
  year={2002},
  publisher={American Meteorological Society}
}

@article{farchi2016using,
  title={Using the Wasserstein distance to compare fields of pollutants: application to the radionuclide atmospheric dispersion of the Fukushima-Daiichi accident},
  author={Farchi, Alban and Bocquet, Marc and Roustan, Yelva and Mathieu, Anne and Qu{\'e}rel, Arnaud},
  journal={Tellus B: Chemical and Physical Meteorology},
  volume={68},
  number={1},
  pages={31682},
  year={2016},
  publisher={Taylor \& Francis}
}

@article{huffman2015integrated,
  title={Integrated Multi-satellitE Retrievals for GPM (IMERG) technical documentation},
  author={Huffman, George J and Bolvin, David T and Nelkin, Eric J and others},
  journal={NASA/GSFC Code},
  volume={612},
  number={2015},
  pages={47},
  year={2015}
}

@article{hadash2018estimate,
  title={Estimate and Replace: A Novel Approach to Integrating Deep Neural Networks with Existing Applications},
  author={Hadash, Guy and Kermany, Einat and Carmeli, Boaz and Lavi, Ofer and Kour, George and Jacovi, Alon},
  journal={arXiv preprint arXiv:1804.09028},
  year={2018}
}
